@online{OpenCV,
  author = {opencv.org},
  title = {{MS Windows NT} Kernel Description},
  year = 1999,
  url = {https://docs.opencv.org/2.4/modules/calib3d/doc/camera_calibration_and_3d_reconstruction.html},
  urldate = {2020-05-20}
}
@article{Zhang,
	author={Z. {Zhang}},
	journal={IEEE Transactions on Pattern Analysis and Machine Intelligence},
	title={A flexible new technique for camera calibration},
	year={2000},
	volume={22},
	number={11},
	pages={1330-1334},
	doi={10.1109/34.888718},
	ISSN={0162-8828},
	month={Nov},
}

@article{ernst,
	title={Non-orthogonal tool/flange and robot/world calibration},
	author={Ernst, Floris and Richter, Lars and Matth{\"a}us, Lars and Martens, Volker and Bruder, Ralf and Schlaefer, Alexander and Schweikard, Achim},
	journal={The International Journal of Medical Robotics and Computer Assisted Surgery},
	volume={8},
	number={4},
	pages={407--420},
	year={2012},
	publisher={Wiley Online Library}
}

@online{QRdecomposition,
	author = {Wikipedia},
	title = {{MS Windows NT} Kernel Description},
	year = 1999,
	url = {https://en.wikipedia.org/wiki/QR_decomposition},
	urldate = {2020-05-20}
}

@online{axis-angle,
	author = {Wikipedia},
	title = {{MS Windows NT} Kernel Description},
	year = 1999,
	url = {https://en.wikipedia.org/wiki/Axis%E2%80%93angle_representation},
	urldate = {2020-05-20}
}

@online{BTi/4D,
	author = {fieldtriptoolbox.org},
	title = {{MS Windows NT} Kernel Description},
	year = 1999,
	url = {http://www.fieldtriptoolbox.org/faq/how_are_the_different_head_and_mri_coordinate_systems_defined/#details-of-the-bti4d-coordinate-system},
	urldate = {2020-05-20}
}

@online{azure_kinect,
	author = {microsoft.com},
	title = {{MS Windows NT} Kernel Description},
	year = 1999,
	url = {https://docs.microsoft.com/en-us/azure/kinect-dk/hardware-specification},
	urldate = {2020-05-20}
}

@online{MoveIt,
	author = {https://moveit.ros.org/},
	title = {{MS Windows NT} Kernel Description},
	year = 1999,
	url = {https://docs.ros.org/melodic/api/moveit_tutorials/html/doc/getting_started/getting_started.html},
	urldate = {2020-05-20}
}

@online{fustionTrac,
	author = {atracsys.com},
	title = {{MS Windows NT} Kernel Description},
	year = 1999,
	url = {https://www.atracsys-measurement.com/products/fusiontrack-500/},
	urldate = {2020-05-20}
}

@online{UR3,
	author = {www.universal-robots.com},
	title = {{MS Windows NT} Kernel Description},
	year = 1999,
	url = {https://www.universal-robots.com/products/ur3-robot/},
	urldate = {2020-05-20}
}

@article{andersen2018kinematics,
	title={Kinematics of a UR5},
	author={Andersen, Rasmus Skovgaard},
	journal={Aalborg University},
	year={2018}
}

@online{ROS,
	author = {www.ros.org},
	title = {{MS Windows NT} Kernel Description},
	year = 1999,
	url = {https://www.ros.org/about-ros/},
	urldate = {2020-05-20}
}

@online{EEG,
	author = {en.wikipedia.org},
	title = {{MS Windows NT} Kernel Description},
	year = 1999,
	url = {https://en.wikipedia.org/wiki/Electroencephalography},
	urldate = {2020-05-20}
}

@article{ASingleCameraPhotogrammetry,
	author = {Qian, Shuo and Sheng, Yang},
	year = {2011},
	month = {08},
	pages = {2844-56},
	title = {A Single Camera Photogrammetry System for Multi-angle Fast Localization of EEG Electrodes},
	volume = {39},
	journal = {Annals of biomedical engineering},
	doi = {10.1007/s10439-011-0374-6}
}

@article{Reis2015UsingAM,
	title={Using a motion capture system for spatial localization of EEG electrodes},
	author={Pedro M. R. Reis and Matthias Lochmann},
	journal={Frontiers in Neuroscience},
	year={2015},
	volume={9}
}

@inproceedings{2019arXiv190804186G,
	Author = {N. Gessert and M. Gromniak and M. Bengs and L. Matthäus and A. Schlaefer},
	Title = {Towards Deep Learning-Based EEG Electrode Detection Using Automatically Generated Labels},
	Journal = {arXiv e-prints},
	Year = {2019},
	Pages = {176-180},
	Month = {Aug},
	Address = {Reutlingen},
	Isbn = {978-3-00-063717-9},
	Booktitle = {CURAC 2019 Tagungsband},
	Url = {https://arxiv.org/abs/1908.04186},
	Keywords = {Computer Science - Computer Vision and Pattern Recognition},
	Abstract = {Electroencephalography (EEG) allows for source measurement of electrical brain activity. Particularly for inverse localization, the electrode positions on the scalp need to be known. Often, systems such as optical digitizing scanners are used for accurate localization with a stylus. However, the approach is time\-consuming as each electrode needs to be scanned manually and the scanning systems are expensive. We propose using an RGBD camera to directly track electrodes in the images using deep learning methods. Studying and evaluating deep learning methods requires large amounts of labeled data. To overcome the time\-consuming data annotation, we generate a large number of ground\-truth labels using a robotic setup. We demonstrate that deep learning-based electrode detection is feasible with a mean absolute error of 5:69 \± 6:10 mm and that our annotation scheme provides a useful environment for studying deep learning methods for electrode detection}
}

@online{SRDF,
	author = {wiki.ros.org},
	title = {{MS Windows NT} Kernel Description},
	year = 1999,
	url = {https://wiki.ros.org/srdf/review},
	urldate = {2020-05-20}
}

@online{URDF,
	author = {wiki.ros.org},
	title = {{MS Windows NT} Kernel Description},
	year = 1999,
	url = {https://wiki.ros.org/urdf},
	urldate = {2020-05-20}
}
@book{Hartley:2003:MVG:861369,
	added-at = {2012-09-23T11:04:02.000+0200},
	address = {New York, NY, USA},
	author = {Hartley, Richard and Zisserman, Andrew},
	biburl = {https://www.bibsonomy.org/bibtex/24867b22ef159cc28fc1bbe1476a0ec57/daill},
	description = {Multiple View Geometry in Computer Vision},
	edition = 2,
	interhash = {7894893cb1baf364de16c2d27541e4c4},
	intrahash = {4867b22ef159cc28fc1bbe1476a0ec57},
	isbn = {0521540518},
	keywords = {geometry multiple view zisserman},
	publisher = {Cambridge University Press},
	timestamp = {2012-09-23T11:04:02.000+0200},
	title = {Multiple View Geometry in Computer Vision},
	year = 2003
}




